@article{Dijkstra:1968:LEG:362929.362947,
 author = {Dijkstra, Edsger W.},
 title = {Letters to the editor: go to statement considered harmful},
 journal = {Commun. ACM},
 issue_date = {March 1968},
 volume = {11},
 number = {3},
 month = mar,
 year = {1968},
 issn = {0001-0782},
 pages = {147--148},
 numpages = {2},
 url = {http://doi.acm.org/10.1145/362929.362947},
 doi = {10.1145/362929.362947},
 acmid = {362947},
 publisher = {ACM},
 address = {New York, NY, USA},
 keywords = {alternative clause, branch instruction, conditional clause, go to statement, jump instruction, program intelligibility, program sequencing, repetitive clause},
} 

@incollection{Dijkstra:1979:GSC:1241515.1241518,
 author = {Dijkstra, E.},
 chapter = {Go to statement considered harmful},
 title = {Classics in software engineering},
 editor = {Yourdon, Edward Nash},
 year = {1979},
 isbn = {0-917072-14-6},
 pages = {27--33},
 numpages = {7},
 url = {http://dl.acm.org/citation.cfm?id=1241515.1241518},
 acmid = {1241518},
 publisher = {Yourdon Press},
 address = {Upper Saddle River, NJ, USA},
} 

@article{Knuth:1974:SPG:356635.356640,
 author = {Knuth, Donald E.},
 title = {Structured Programming with go to Statements},
 journal = {ACM Comput. Surv.},
 issue_date = {Dec. 1974},
 volume = {6},
 number = {4},
 month = dec,
 year = {1974},
 issn = {0360-0300},
 pages = {261--301},
 numpages = {41},
 url = {http://doi.acm.org/10.1145/356635.356640},
 doi = {10.1145/356635.356640},
 acmid = {356640},
 publisher = {ACM},
 address = {New York, NY, USA},
 note = "Also available as \url{http://yurichev.com/mirrors/KnuthStructuredProgrammingGoTo.pdf}",
} 
 