@book{Kernighan:1988:CPL:576122,
 author = {Kernighan, Brian W.},
 editor = {Ritchie, Dennis M.},
 title = {The  C Programming Language},
 year = {1988},
 isbn = {0131103709},
 edition = {2nd},
 publisher = {Prentice Hall Professional Technical Reference},
} 

@book{C99TC3,
 author = {ISO},
 title = {ISO/IEC 9899:TC3 (C C99 standard)},
 year = {2007},
 note = "Also available as \url{http://www.open-std.org/jtc1/sc22/WG14/www/docs/n1256.pdf}",
} 

@book{C11,
 author = {ISO},
 title = {ISO/IEC 9899:2011 (C C11 standard)},
 year = {2011},
 note = "Also available as \url{http://www.open-std.org/jtc1/sc22/wg14/www/docs/n1539.pdf}",
} 

@book{CPP11,
 author = {ISO},
 title = {ISO/IEC 14882:2011 (C++ 11 standard)},
 year = {2013},
 note = "Also available as \url{http://www.open-std.org/jtc1/sc22/wg21/docs/papers/2013/n3690.pdf}",
} 

@book{Lakos,
 author = {John Lakos},
 title = {Large-Scale C++ Software Design},
 year = {1996},
 note = "\url{http://www.amazon.com/Large-Scale-Software-Design-John-Lakos/dp/0201633620}",
} 

@book{AgnerFog,
 author = {Agner Fog},
 title = {Optimizing software in C++},
 year = {2013},
 note = "\url{http://agner.org/optimize/optimizing_cpp.pdf}",
} 

@book{EffectiveCPP,
 author = {Scott Meyers},
 title = {Effective C++: 55 Specific Ways to Improve Your Programs and Designs (3rd Edition)},
 year = {2005},
 note = "\url{http://www.amazon.com/Effective-Specific-Improve-Programs-Designs/dp/0321334876}",
} 
 
