@misc{ParashiftCPPFAQ,
 author = {Marshall Cline},
 title = {C++ FAQ},
 note = "Also available as \url{http://www.parashift.com/c++-faq-lite/index.html}",
} 

@misc{LinuxKernelCodingStyle,
 author = {Linus Torvalds},
 title = {Linux kernel coding style},
 note = "Also available as \url{https://www.kernel.org/doc/Documentation/CodingStyle}",
} 

@misc{KnuthInterview1993,
 author = {Donald E. Knuth},
 title = {Computer Literacy Bookshops Interview},
 year = {1993}, 
 note = "Also available as \url{http://yurichev.com/mirrors/C/knuth-interview1993.txt}",
} 
