@book{REBook,
 author = {Dennis Yurichev},
 year = {2013},
 note = "Also available as \url{http://yurichev.com/writings/RE_for_beginners-ru.pdf}",
 title = {Введение в reverse engineering для начинающих},
} 
