@misc{Torvalds:2002,
  author = {Linus Torvalds},
  title = {{about typedef (fa.linux.kernel)}},
  howpublished = "\url{http://yurichev.com/mirrors/ltorvalds_typedefs.html}",
  year = {2002}, 
  note = "[Online; accessed 2013]"
}

@misc{dmr:1995,
  author = {Dennis Ritchie},
  title = {{about short-circuit operators}},
  howpublished = "\url{http://c-faq.com/misc/xor.dmr.html}",
  year = {1995}, 
  note = "[Online; accessed 2013]"
}
